<?xml version="1.0" encoding="utf-8"?>
<record xmlns="http://www.loc.gov/MARC21/slim" xmlns:xsi="http://www.w3.org/2001/XMLSchema-instance" xsi:schemaLocation="http://www.loc.gov/MARC21/slim http://www.loc.gov/standards/marcxml/schema/MARC21slim.xsd">
	<leader>     nam a22     Mi 4500</leader>
	<controlfield tag="001">b12429119</controlfield>
	<controlfield tag="003">LeBAU</controlfield>
	<controlfield tag="006">m        d        </controlfield>
	<controlfield tag="007">cr cn |||m|||a</controlfield>
	<controlfield tag="008">200626s1953    ir      ob    001 0 ara d</controlfield>
	<datafield ind1=" " ind2=" " tag="040">
		<subfield code="a">ZYU</subfield>
		<subfield code="b">ara</subfield>
		<subfield code="e">rda</subfield>
		<subfield code="c">ZYU</subfield>
	</datafield>
	<datafield ind1="0" ind2="4" tag="082">
		<subfield code="a">349.297</subfield>
		<subfield code="2">20</subfield>
	</datafield>
	<datafield ind1="1" ind2=" " tag="100">
		<subfield code="6">880-01</subfield>
		<subfield code="a">Āl Kāshif al-Ghiṭā, Muḥammad al-Ḥusayn,</subfield>
		<subfield code="d">1877-1954,</subfield>
		<subfield code="e">author.</subfield>
	</datafield>
	<datafield ind1="1" ind2="3" tag="245">
		<subfield code="6">880-02</subfield>
		<subfield code="a">al-Firdaws al-aʻlá /</subfield>
		<subfield code="c">taʼlīf samāḥat al-imām āyat Allāh al-ʻuẓmá al-Shaykh Muḥammad al-Ḥusayn Kāshif al-Ghiṭāʼ ; wa-ʻalyhi taʻlīqāt nafīsah bi-qalam al-Sayyid Muḥammad ʻAlī al-Qāḍī al-Ṭ̣abāṭabāʼī ; ṣaḥḥaḥahu wa-ihtamma bi-nashrihi al-Sayyid Muḥammad Ḥusayn al-Ṭ̣abāṭabāʼī.</subfield>
	</datafield>
	<datafield ind1=" " ind2=" " tag="250">
		<subfield code="6">880-03</subfield>
		<subfield code="a">al-Ṭabʻah al-thānīyah /</subfield>
		<subfield code="b">wa-tamtāz hādhihi al-ṭabʻah ʻan al-ūlá bi-ziyādāt wa-tanqīḥāt muhimmah bi-qalam samāḥat al-imām muʼallif al-kitāb.</subfield>
	</datafield>
	<datafield ind1=" " ind2="1" tag="264">
		<subfield code="6">880-04</subfield>
		<subfield code="a">Tabrīz, Īrān :</subfield>
		<subfield code="b">Maṭbaʻat Riḍāʼī,</subfield>
		<subfield code="c">1372 H. = 1953 M.</subfield>
	</datafield>
	<datafield ind1=" " ind2=" " tag="300">
		<subfield code="6">880-05</subfield>
		<subfield code="a">online resource (10, d-yḥ, 300 pages)</subfield>
	</datafield>
	<datafield ind1=" " ind2=" " tag="336">
		<subfield code="a">text</subfield>
		<subfield code="2">rdacontent</subfield>
	</datafield>
	<datafield ind1=" " ind2=" " tag="337">
		<subfield code="a">computer</subfield>
		<subfield code="2">rdamedia</subfield>
	</datafield>
	<datafield ind1=" " ind2=" " tag="338">
		<subfield code="a">online resource</subfield>
		<subfield code="2">rdacarrier</subfield>
	</datafield>
	<datafield ind1=" " ind2=" " tag="500">
		<subfield code="a">Part of the Arabic Collections Online (ACO) project, contributed by American University of Beirut's Jafet Memorial Library.</subfield>
	</datafield>
	<datafield ind1=" " ind2=" " tag="533">
		<subfield code="a">Electronic reproduction.</subfield>
		<subfield code="b">New York, N.Y. :</subfield>
		<subfield code="c">New York University,</subfield>
		<subfield code="d">2020.</subfield>
		<subfield code="5">NNU</subfield>
	</datafield>
	<datafield ind1=" " ind2="0" tag="650">
		<subfield code="6">880-06</subfield>
		<subfield code="a">Shi'ah</subfield>
		<subfield code="x">Doctrines.</subfield>
	</datafield>
	<datafield ind1=" " ind2="0" tag="650">
		<subfield code="6">880-07</subfield>
		<subfield code="a">Religious life</subfield>
		<subfield code="x">Islam.</subfield>
	</datafield>
	<datafield ind1="1" ind2="2" tag="700">
		<subfield code="6">880-08</subfield>
		<subfield code="a">Qāḍī al-Ṭabāṭabāʼī, Muḥammad ʻAlī,</subfield>
		<subfield code="e">commentator for written text.</subfield>
	</datafield>
	<datafield ind1="1" ind2="2" tag="700">
		<subfield code="6">880-09</subfield>
		<subfield code="a">Ṭabāṭabāʼī, Muḥammad Ḥusayn,</subfield>
		<subfield code="e">corrector.</subfield>
	</datafield>
	<datafield ind1="2" ind2=" " tag="710">
		<subfield code="a">Jafet Memorial Library.</subfield>
	</datafield>
	<datafield ind1="0" ind2=" " tag="730">
		<subfield code="a">Arabic Collections Online.</subfield>
	</datafield>
	<datafield ind1="0" ind2="8" tag="776">
		<subfield code="i">Print version:</subfield>
		<subfield code="a">Āl Kāshif al-Ghiṭā, Muḥammad al-Ḥusayn, 1877-1954, author.</subfield>
		<subfield code="t">al-Firdaws al-aʻlá</subfield>
		<subfield code="w">(LeBAU)b12429119</subfield>
	</datafield>
	<datafield ind1="4" ind2="0" tag="856">
		<subfield code="u">http://hdl.handle.net/2333.1/rr4xh78c</subfield>
	</datafield>
	<datafield ind1="1" ind2=" " tag="880">
		<subfield code="6">100-01</subfield>
		<subfield code="a">آل كاشف الغطاء، محمد الحسين،</subfield>
		<subfield code="d">1877-1954،</subfield>
		<subfield code="e">مؤلف.</subfield>
		<subfield code="4">aut.</subfield>
	</datafield>
	<datafield ind1="1" ind2="2" tag="880">
		<subfield code="6">245-02</subfield>
		<subfield code="a">الفردوس الأعلى /</subfield>
		<subfield code="c">تأليف سماحة الإمام آية الله العظمى الشيخ محمد الحسين كاشف الغطاء ؛ وعليه تعليقات نفيسة بقلم السيد محمد علي القاضي الطباطبائي ؛ صححه واهتم بنشره السيد محمد حسين الطباطبائي.</subfield>
	</datafield>
	<datafield ind1=" " ind2=" " tag="880">
		<subfield code="6">250-03</subfield>
		<subfield code="a">الطبعة الثانية /</subfield>
		<subfield code="b">وتمتاز هذه الطبعة عن الأولى بزيادات وتنقيحات مهمة بقلم سماحة الإمام مؤلف الكتاب.</subfield>
	</datafield>
	<datafield ind1=" " ind2="1" tag="880">
		<subfield code="6">264-04</subfield>
		<subfield code="a">تبريز، إيران :</subfield>
		<subfield code="b">مطبعة رضائي،</subfield>
		<subfield code="c">1372 هـ. = 1953 م.</subfield>
	</datafield>
	<datafield ind1=" " ind2=" " tag="880">
		<subfield code="6">300-05</subfield>
		<subfield code="a">10، د-يح، 300 صفحة ؛</subfield>
		<subfield code="c">24 سم</subfield>
	</datafield>
	<datafield ind1=" " ind2=" " tag="880">
		<subfield code="6">500-00</subfield>
		<subfield code="a">عنوان أول صفحة من الكتاب: الأرجنتين وآراء العباقرة حول كتاب الفردوس الأعلى، ثم مجموعة من الآراء حول الكتاب حتى صفحة 10.</subfield>
	</datafield>
	<datafield ind1=" " ind2=" " tag="880">
		<subfield code="6">504-00</subfield>
		<subfield code="a">يتضمن مراجع ببليوغرافية وكشاف.</subfield>
	</datafield>
	<datafield ind1=" " ind2="4" tag="880">
		<subfield code="6">650-06</subfield>
		<subfield code="a">الشيعة</subfield>
		<subfield code="x">عقائد.</subfield>
	</datafield>
	<datafield ind1=" " ind2="4" tag="880">
		<subfield code="6">650-07</subfield>
		<subfield code="a">الحياة الدينية</subfield>
		<subfield code="x">الاسلام.</subfield>
	</datafield>
	<datafield ind1="1" ind2=" " tag="880">
		<subfield code="6">700-08</subfield>
		<subfield code="a">القاضي الطباطبائي، محمد علي،</subfield>
		<subfield code="e">معلق على النص.</subfield>
		<subfield code="4">cwt.</subfield>
	</datafield>
	<datafield ind1="1" ind2=" " tag="880">
		<subfield code="6">700-09</subfield>
		<subfield code="a">الطباطبائي، محمد حسين،</subfield>
		<subfield code="e">مصحح.</subfield>
		<subfield code="4">cor.</subfield>
	</datafield>
	<datafield ind1=" " ind2=" " tag="959">
		<subfield code="a">NNU</subfield>
		<subfield code="b">WEB</subfield>
		<subfield code="c">GENI</subfield>
		<subfield code="t">0</subfield>
		<subfield code="m">Electronic access</subfield>
		<subfield code="s">01</subfield>
	</datafield>
	<datafield ind1=" " ind2=" " tag="999">
		<subfield code="i">LeBAU_b12429119</subfield>
		<subfield code="s">aub_aco003652:</subfield>
		<subfield code="e">(ERROR-MISC)</subfield>
		<subfield code="s">aub_aco003652:</subfield>
	</datafield>
</record>
